<record><leader>00000cas a22000007a 4500</leader><controlfield tag="001">9605025</controlfield><controlfield tag="008">830614d18281830ohuwr ne      0    0eng d</controlfield><datafield ind1=" " ind2=" " tag="010"><subfield code="a">sn 83035228 </subfield></datafield><datafield ind1=" " ind2=" " tag="040"><subfield code="a">NPY</subfield><subfield code="b">eng</subfield><subfield code="c">NPY</subfield><subfield code="d">NPX</subfield><subfield code="d">ONP</subfield><subfield code="d">NLG</subfield><subfield code="d">OCLCQ</subfield></datafield><datafield ind1=" " ind2=" " tag="042"><subfield code="a">msc</subfield></datafield><datafield ind1="0" ind2=" " tag="130"><subfield code="a">Ohio luminary (Jefferson, Ohio : 1828)</subfield></datafield><datafield ind1="1" ind2="4" tag="245"><subfield code="a">The Ohio luminary.</subfield></datafield><datafield ind1="1" ind2="3" tag="246"><subfield code="a">Luminary</subfield></datafield><datafield ind1=" " ind2=" " tag="260"><subfield code="a">Jefferson, Ohio :</subfield><subfield code="b">Moorhead &amp; Wallace,</subfield><subfield code="c">-1830.</subfield></datafield><datafield ind1=" " ind2=" " tag="300"><subfield code="a">v. ;</subfield><subfield code="c">53 cm.</subfield></datafield><datafield ind1=" " ind2=" " tag="310"><subfield code="a">Weekly</subfield></datafield><datafield ind1="1" ind2=" " tag="362"><subfield code="a">Began with Nov. 12, 1828 issue.</subfield></datafield><datafield ind1="0" ind2=" " tag="362"><subfield code="a">-v. 1, no. 78 (June 5, 1830) ; New ser. v. 1, no. 1 (June 12, 1830).</subfield></datafield><datafield ind1=" " ind2=" " tag="500"><subfield code="a">"Anti-Masonic." Cf. Gutgesell, S. Guide to Ohio newspapers, 1974.</subfield></datafield><datafield ind1=" " ind2=" " tag="500"><subfield code="a">Editor: J. Moorhead, &lt;1830&gt;; Jonathan Warner.</subfield></datafield><datafield ind1=" " ind2=" " tag="588"><subfield code="a">Description based on: Vol. 1, no. 5 (Dec. 10, 1828).</subfield></datafield><datafield ind1="1" ind2=" " tag="700"><subfield code="a">Wallace, Joseph.</subfield></datafield><datafield ind1="1" ind2=" " tag="700"><subfield code="a">Moorhead, James.</subfield></datafield><datafield ind1=" " ind2=" " tag="752"><subfield code="a">United States</subfield><subfield code="b">Ohio</subfield><subfield code="c">Ashtabula</subfield><subfield code="d">Jefferson.</subfield></datafield><datafield ind1="0" ind2="0" tag="785"><subfield code="t">Ohio luminary and Ashtabula pioneer</subfield><subfield code="w">(DLC)sn 83035229</subfield></datafield></record>